%是一个开源、可扩展的分布式文件系统
@misc{GlusterFS,
	Howpublished = {\url{http://www.gluster.org/}},
	Title = {GlusterFS: A scalable network filesystem}
  }

%是操作系统数据读取过程中的重要优化方法
@inproceedings{Reducing_File_System_Latency_using_a_Predictive_Approach,
  title={Reducing File System Latency using a Predictive Approach.},
  author={Griffioen, Jim and Appleton, Randy},
  booktitle={USENIX summer},
  pages={197--207},
  year={1994}
} 
@inproceedings{Group_based_management_of_distributed_file_caches,
  title={Group-based management of distributed file caches},
  author={Amer, Ahmed and Long, Darrell DE and Burns, Randal C},
  booktitle={Proceedings 22nd International Conference on Distributed Computing Systems},
  pages={525--534},
  year={2002},
  organization={IEEE}
}
@article{A_data_mining_algorithm_for_generalized_web_prefetching,
  title={A data mining algorithm for generalized web prefetching},
  author={Nanopoulos, Alexandros and Katsaros, Dimitrios and Manolopoulos, Yannis},
  journal={IEEE Transactions on Knowledge \&amp; Data Engineering},
  number={5},
  pages={1155--1169},
  year={2003},
  publisher={IEEE}
}